@article{Jackson:2009:DPD:1498765.1498787,
 author = {Jackson, Daniel},
 title = {A Direct Path to Dependable Software},
 journal = {Commun. ACM},
 issue_date = {April 2009},
 volume = {52},
 number = {4},
 month = apr,
 year = {2009},
 issn = {0001-0782},
 pages = {78--88},
 numpages = {11},
 url = {http://doi.acm.org/10.1145/1498765.1498787},
 doi = {10.1145/1498765.1498787},
 acmid = {1498787},
 publisher = {ACM},
 address = {New York, NY, USA},
}

@phdthesis{torlak2009constraint,
  title={A constraint solver for software engineering: finding models and cores of large relational specifications},
  author={Torlak, Emina},
  year={2009},
  school={Massachusetts Institute of Technology}
}

@inproceedings{marques2010minimal,
  title={Minimal unsatisfiability: Models, algorithms and applications},
  author={Marques-Silva, Joao},
  booktitle={Multiple-Valued Logic (ISMVL), 2010 40th IEEE International Symposium on},
  pages={9--14},
  year={2010},
  organization={IEEE}
}

@article{auguston2010system,
  title={System architecture specification based on behavior models},
  author={Auguston, Mikhail and Whitcomb, Clifford},
  year={2010}
}

@article{przigodacontradiction,
  title={Contradiction Analysis for Inconsistent Formal Models},
  author={Przigoda, Nils and Wille, Robert and Drechsler, Rolf}
}

@inproceedings{belov2012computing,
  title={On computing minimal equivalent subformulas},
  author={Belov, Anton and Janota, Mikol{\'a}{\v{s}} and Lynce, In{\^e}s and Marques-Silva, Joao},
  booktitle={Principles and Practice of Constraint Programming},
  pages={158--174},
  year={2012},
  organization={Springer}
}

@inproceedings{belov2013core,
  title={Core minimization in SAT-based abstraction},
  author={Belov, Anton and Chen, Huan and Mishchenko, Alan and Marques-Silva, Joao},
  booktitle={Design, Automation \& Test in Europe Conference \& Exhibition (DATE), 2013},
  pages={1411--1416},
  year={2013},
  organization={IEEE}
}

@article{belov2014algorithms,
  title={Algorithms for computing minimal equivalent subformulas},
  author={Belov, Anton and Janota, Mikol{\'a}{\v{s}} and Lynce, Ines and Marques-Silva, Joao},
  journal={Artificial Intelligence},
  volume={216},
  pages={309--326},
  year={2014},
  publisher={Elsevier}
}

@inproceedings{blackham2014trickle,
  title={Trickle: automated infeasible path detection using all minimal unsatisfiable subsets},
  author={Blackham, Bernard and Liffiton, Mark and Heiser, Gernot},
  booktitle={Real-Time and Embedded Technology and Applications Symposium (RTAS), 2014 IEEE 20th},
  pages={169--178},
  year={2014},
  organization={IEEE}
}

@article{konighofer2013debugging,
  title={Debugging formal specifications: a practical approach using model-based diagnosis and counterstrategies},
  author={K{\"o}nighofer, Robert and Hofferek, Georg and Bloem, Roderick},
  journal={International Journal on Software Tools for Technology Transfer},
  volume={15},
  number={5-6},
  pages={563--583},
  year={2013},
  publisher={Springer}
}

@article{reder2013determining,
  title={Determining the cause of a design model inconsistency},
  author={Reder, Alexander and Egyed, Alexander},
  journal={Software Engineering, IEEE Transactions on},
  volume={39},
  number={11},
  pages={1531--1548},
  year={2013},
  publisher={IEEE}
}

@inproceedings{belov2013core,
  title={Core minimization in SAT-based abstraction},
  author={Belov, Anton and Chen, Huan and Mishchenko, Alan and Marques-Silva, Joao},
  booktitle={Design, Automation \& Test in Europe Conference \& Exhibition (DATE), 2013},
  pages={1411--1416},
  year={2013},
  organization={IEEE}
}

@phdthesis{torlak2009constraint,
  title={A constraint solver for software engineering: finding models and cores of large relational specifications},
  author={Torlak, Emina},
  year={2009},
  school={Massachusetts Institute of Technology}
}

@inproceedings{suelflow2008using,
  title={Using unsatisfiable cores to debug multiple design errors},
  author={Suelflow, Andre and Fey, Goerschwin and Bloem, Roderick and Drechsler, Rolf},
  booktitle={Proceedings of the 18th ACM Great Lakes symposium on VLSI},
  pages={77--82},
  year={2008},
  organization={ACM}
}

@inproceedings{nadel2010boosting,
  title={Boosting minimal unsatisfiable core extraction},
  author={Nadel, Alexander},
  booktitle={Formal Methods in Computer-Aided Design (FMCAD), 2010},
  pages={221--229},
  year={2010},
  organization={IEEE}
}

@incollection{ryvchin2011faster,
  title={Faster extraction of high-level minimal unsatisfiable cores},
  author={Ryvchin, Vadim and Strichman, Ofer},
  booktitle={Theory and Applications of Satisfiability Testing-SAT 2011},
  pages={174--187},
  year={2011},
  publisher={Springer}
}

@inproceedings{marques2010minimal,
  title={Minimal unsatisfiability: Models, algorithms and applications},
  author={Marques-Silva, Joao},
  booktitle={Multiple-Valued Logic (ISMVL), 2010 40th IEEE International Symposium on},
  pages={9--14},
  year={2010},
  organization={IEEE}
}

@incollection{jabbour2013measuring,
  title={Measuring inconsistency through minimal proofs},
  author={Jabbour, Said and Raddaoui, Badran},
  booktitle={Symbolic and Quantitative Approaches to Reasoning with Uncertainty},
  pages={290--301},
  year={2013},
  publisher={Springer}
}

@incollection{wallner2013advanced,
  title={Advanced SAT techniques for abstract argumentation},
  author={Wallner, Johannes Peter and Weissenbacher, Georg and Woltran, Stefan},
  booktitle={Computational Logic in Multi-Agent Systems},
  pages={138--154},
  year={2013},
  publisher={Springer}
}

@inproceedings{gupta2003iterative,
  title={Iterative abstraction using SAT-based BMC with proof analysis},
  author={Gupta, Aarti and Ganai, Malay and Yang, Zijiang and Ashar, Pranav},
  booktitle={Proceedings of the 2003 IEEE/ACM international conference on Computer-aided design},
  pages={416},
  year={2003},
  organization={IEEE Computer Society}
}

@incollection{mcmillan2003automatic,
  title={Automatic abstraction without counterexamples},
  author={McMillan, Kenneth L and Amla, Nina},
  booktitle={Tools and Algorithms for the Construction and Analysis of Systems},
  pages={2--17},
  year={2003},
  publisher={Springer}
}

@article{belov2012towards,
  title={Towards efficient MUS extraction},
  author={Belov, Anton and Lynce, In{\^e}s and Marques-Silva, Joao},
  year={2012},
  publisher={IOS Press}
}

@article{papad1988com,
  title={The complexity of facets resolved},
  author={Papadimitriou, Christos H and Wolfe, David},
  journal={Journal of Computer and System Sciences},
  volume={37},
  number={1},
  pages={2--13},
  year={1988},
  publisher={Elsevier}
}

@article{zhang2003extracting,
  title={Extracting small unsatisfiable cores from unsatisfiable boolean formula},
  author={Zhang, Lintao and Malik, Sharad},
  journal={SAT},
  volume={3},
  year={2003}
}

@incollection{torlak2008finding,
  title={Finding minimal unsatisfiable cores of declarative specifications},
  author={Torlak, Emina and Chang, Felix Sheng-Ho and Jackson, Daniel},
  booktitle={FM 2008: Formal Methods},
  pages={326--341},
  year={2008},
  publisher={Springer}
}

@misc{jkind,
  title = {{JKind}},
  howpublished = {\url{http://loonwerks.com/tools/jkind.html}}
}

@misc{benchmarks,
  title = {{BENCHMARKS??}},
  howpublished = {\url{FILL OUT}}
}

@misc{expr,
  title = {{Set of Support}},
  howpublished = {\url{https://github.com/elaghs/Working/tree/master/support/experiments}}
}

@book{lehmann1986testing,
  title={Testing statistical hypotheses},
  author={Lehmann, Erich Leo and Romano, Joseph P and Casella, George},
  volume={150},
  year={1986},
  publisher={Wiley New York et al}
}

@article{han2007frequent,
  title={Frequent pattern mining: current status and future directions},
  author={Han, Jiawei and Cheng, Hong and Xin, Dong and Yan, Xifeng},
  journal={Data Mining and Knowledge Discovery},
  volume={15},
  number={1},
  pages={55--86},
  year={2007},
  publisher={Springer}
}
