@inproceedings{blackham2014trickle,
  title={Trickle: automated infeasible path detection using all minimal unsatisfiable subsets},
  author={Blackham, Bernard and Liffiton, Mark and Heiser, Gernot},
  booktitle={Real-Time and Embedded Technology and Applications Symposium (RTAS), 2014 IEEE 20th},
  pages={169--178},
  year={2014},
  organization={IEEE}
}

@article{konighofer2013debugging,
  title={Debugging formal specifications: a practical approach using model-based diagnosis and counterstrategies},
  author={K{\"o}nighofer, Robert and Hofferek, Georg and Bloem, Roderick},
  journal={International Journal on Software Tools for Technology Transfer},
  volume={15},
  number={5-6},
  pages={563--583},
  year={2013},
  publisher={Springer}
}

@article{reder2013determining,
  title={Determining the cause of a design model inconsistency},
  author={Reder, Alexander and Egyed, Alexander},
  journal={Software Engineering, IEEE Transactions on},
  volume={39},
  number={11},
  pages={1531--1548},
  year={2013},
  publisher={IEEE}
}

@inproceedings{belov2013core,
  title={Core minimization in SAT-based abstraction},
  author={Belov, Anton and Chen, Huan and Mishchenko, Alan and Marques-Silva, Joao},
  booktitle={Design, Automation \& Test in Europe Conference \& Exhibition (DATE), 2013},
  pages={1411--1416},
  year={2013},
  organization={IEEE}
}

@phdthesis{torlak2009constraint,
  title={A constraint solver for software engineering: finding models and cores of large relational specifications},
  author={Torlak, Emina},
  year={2009},
  school={Massachusetts Institute of Technology}
}

@inproceedings{suelflow2008using,
  title={Using unsatisfiable cores to debug multiple design errors},
  author={Suelflow, Andre and Fey, Goerschwin and Bloem, Roderick and Drechsler, Rolf},
  booktitle={Proceedings of the 18th ACM Great Lakes symposium on VLSI},
  pages={77--82},
  year={2008},
  organization={ACM}
}

@inproceedings{nadel2010boosting,
  title={Boosting minimal unsatisfiable core extraction},
  author={Nadel, Alexander},
  booktitle={Formal Methods in Computer-Aided Design (FMCAD), 2010},
  pages={221--229},
  year={2010},
  organization={IEEE}
}

@incollection{ryvchin2011faster,
  title={Faster extraction of high-level minimal unsatisfiable cores},
  author={Ryvchin, Vadim and Strichman, Ofer},
  booktitle={Theory and Applications of Satisfiability Testing-SAT 2011},
  pages={174--187},
  year={2011},
  publisher={Springer}
}

@inproceedings{marques2010minimal,
  title={Minimal unsatisfiability: Models, algorithms and applications},
  author={Marques-Silva, Joao},
  booktitle={Multiple-Valued Logic (ISMVL), 2010 40th IEEE International Symposium on},
  pages={9--14},
  year={2010},
  organization={IEEE}
}

@incollection{jabbour2013measuring,
  title={Measuring inconsistency through minimal proofs},
  author={Jabbour, Said and Raddaoui, Badran},
  booktitle={Symbolic and Quantitative Approaches to Reasoning with Uncertainty},
  pages={290--301},
  year={2013},
  publisher={Springer}
}

@incollection{wallner2013advanced,
  title={Advanced SAT techniques for abstract argumentation},
  author={Wallner, Johannes Peter and Weissenbacher, Georg and Woltran, Stefan},
  booktitle={Computational Logic in Multi-Agent Systems},
  pages={138--154},
  year={2013},
  publisher={Springer}
}


-
