@article{setofsupp,
 author = {Ghassabani, Elaheh and Gacek, Andrew and W. Whalen, Michael},
 title = {Efficient Generation of Set of Support for Safety Properties using UNSAT Cores and Induction},
 month = Feb,
 year = {2016},
 howpublished = {\url{https://github.com/elaghs/Working/tree/master/support/support_TeX}},
 publisher = {University of Minnesota}
}


@misc{jkind,
  title = {{JKind}},
  howpublished = {\url{http://loonwerks.com/tools/jkind.html}}
}

@misc{benchmarks,
  title = {{BENCHMARKS??}},
  howpublished = {\url{FILL OUT}}
}

@misc{expr,
  title = {{Set of Support}},
  howpublished = {\url{https://github.com/elaghs/Working/tree/master/support/experiments}}
}
