@inproceedings{Ghass16,
  title={Efficient Generation of Inductive Validity Cores for Safety Properties},
  author={Ghassabani, Elaheh and others},
  year      = {2016},
  booktitle = {FSE2016}
}

@inproceedings{Ghass17,
  title={Efficient Generation of All Minimal Inductive Validity Cores},
  author={Ghassabani, Elaheh and others},
  year      = {2017},
  booktitle = {FMCAD'17}
}


@inproceedings{NFM2015:backes,
 author = {Backes, John and others},
 title = {Requirements analysis of a quad-redundant flight control system},
 booktitle = {NFM'15},
 year = {2015}
}

@InProceedings{HCW02:ase-deviation,
  author =   {Mats P.E. Heimdahl and others},
  title =    {Deviation Analysis via Model Checking},
  booktitle =    {ASE'02},
  year =     {2002}
}

@article{chockler2008causes,
  title={What causes a system to satisfy a specification?},
  author={Chockler, Hana and others},
  journal={TOCL} ,
  year={2008}
}

@inproceedings{bao2014coverage,
  title={Coverage of compositional property sets under reactive constraints},
  author={Bao, Binghao and Bormann, J{\"o}rg and Wedler, Markus and Stoffel, Dominik and Kunz, Wolfgang},
  booktitle={Fifteenth International Symposium on Quality Electronic Design},
  pages={589--596},
  year={2014},
  organization={IEEE}
}

@inproceedings{yang2013minimal,
  title={Minimal stimuli generation in simulation-based verification},
  author={Yang, Shuo and Wille, Robert and Gro{\ss}e, Daniel and Drechsler, Rolf},
  booktitle={Digital System Design (DSD), 2013 Euromicro Conference on},
  pages={439--444},
  year={2013},
  organization={IEEE}
}

@inproceedings{chockler2011incremental,
  title={Incremental formal verification of hardware},
  author={Chockler, Hana and others},
  booktitle={FMCAD'11},
  year={2011}
}

@inproceedings{brillout2009mutation,
  title={Mutation-based test case generation for simulink models},
  author={Brillout, Angelo and others},
  booktitle={FMCO'9},
  year={2009}
}


@inproceedings{drechsler2012completeness,
  title={Completeness-driven development},
  author={Drechsler, Rolf and others},
  booktitle={ICGT'12},
  year={2012}
}

@inproceedings{haedicke2012guiding,
  title={A guiding coverage metric for formal verification},
  author={Haedicke, Finn and others},
  booktitle={DATE'12},
  year={2012}
}

@inproceedings{espana2009evaluating,
  title={Evaluating the completeness and granularity of functional requirements specifications: a controlled experiment},
  author={Espana, Sergio and others},
  booktitle={RE},
  year={2009}
}

@ARTICLE{Andrews06:mutation,
author={Andrews, J.H. and others},
journal={TSE},
title={Using Mutation Analysis for Assessing and Comparing Testing Coverage Criteria},
year={2006}
}

@inproceedings{hoskote1999coverage,
  title={Coverage estimation for symbolic model checking},
  author={Hoskote, Yatin and others},
  booktitle={DAC}
  year={1999}
}

@inproceedings{das2005formal,
  title={Formal methods for analyzing the completeness of an assertion suite against a high-level fault model},
  author={Das, Sayanlan and others},
  booktitle={VLSID}
  year={2005}
}


@inproceedings{claessen2007coverage,
  title={A coverage analysis for safety property lists},
  author={Claessen, Koen},
  booktitle={FMCAD'07},
  year={2007}
}

@inproceedings{mcmillan2003interpolation,
  title={Interpolation and SAT-based model checking},
  author={McMillan, Kenneth L},
  booktitle={CAV'03}
  year={2003}
}

@inproceedings{chockler2010coverage,
  title={Coverage in interpolation-based model checking},
  author={Chockler, Hana and others},
  booktitle={DAC}
  year={2010}
}


@article{Jackson:2009:DPD:1498765.1498787,
 author = {Jackson, Daniel},
 title = {A Direct Path to Dependable Software},
 journal = {Commun. ACM},
 issue_date = {April 2009},
 volume = {52},
 number = {4},
 month = apr,
 year = {2009},
 issn = {0001-0782},
 pages = {78--88},
 numpages = {11},
 url = {http://doi.acm.org/10.1145/1498765.1498787},
 doi = {10.1145/1498765.1498787},
 acmid = {1498787},
 publisher = {ACM},
 address = {New York, NY, USA},
}

@inproceedings{Whalen07:FMICS,
  author    = {Michael W. Whalen and
               Darren D. Cofer and
               Steven P. Miller and
               Bruce H. Krogh and
               Walter Storm},
  title     = {Integration of Formal Analysis into a Model-Based Software
               Development Process},
  booktitle = {FMICS},
  year      = {2007},
  pages     = {68-84},
  ee        = {http://dx.doi.org/10.1007/978-3-540-79707-4_7},
}

@TechReport{McMillan99:compositional,
    Author = {Ken L. McMillan},
    Title = {A Methodology for Hardware Verification using
             Compositional Model Checking},
    Institution = {Cadence Berkeley Labs},
    Address = {Berkeley, CA 94704},
    Number = {1999-01},
    year = {1999}
}

@ARTICLE{Kupferman03:Vacuity,
  AUTHOR =       {O. Kupferman and M. Y. Vardi},
  TITLE =        {Vacuity Detection in Temporal Model Checking},
  JOURNAL =      {Journal on Software Tools for Technology Transfer},
  YEAR =         {2003},
  volume =       {4},
  number =       {2},
  month =        {February}
}

@phdthesis{Budd:1980,
 author = {Budd, Timothy Alan},
 title = {Mutation Analysis of Program Test Data},
 year = {1980},
 note = {AAI8025191},
 publisher = {Yale University},
 address = {New Haven, CT, USA},
}

@inproceedings{NFM2012:CoGaMiWhLaLu,
 author = {Darren D. Cofer and others},
 title = {Compositional Verification of Architectural Models},
 booktitle = {NFM'12},
 year = {2012}
}


@inproceedings{hilt2013,
  author    = {Anitha Murugesan and others},
  title     = {Compositional Verification of a Medical Device System},
  booktitle = {HILT'13},
  year      = {2013}
}

@article{Miller10:CACM,
 author = {Miller, Steven P. and others},
 title = {Software model checking takes off},
 year = {2010}
 }

 @article{chelenski1994oapplicability,
  title={Applicability of modified condition/decision coverage to software testing},
  author={Chelenski, JJ and Miller, SP},
  journal={Software Engineering Journal},
  volume={9},
  number={5},
  pages={193--200},
  year={1994}
}


@inproceedings{Whalen13:OMCDC,
 author = {Whalen, M. and Gay, G. and You, D. and Heimdahl, M.P.E. and Staats, M.},
 title = {Observable Modified Condition/Decision Coverage},
 booktitle = {Proceedings of the 2013 Int'l Conf. on Software Engineering},
 month = {May},
 year = {2013},
 publisher = {ACM}
}

@inproceedings{You15:dse,
 author = {D. You and S. Rayadurgam and M.W. Whalen and M.P.E. Heimdahl},
 title = {Efficient Observability-based Test Generation by Dynamic Symbolic Execution},
 booktitle = {26th International Symposium on Software Reliability Engineering (ISSRE 2015)},
 month = {November},
 year = {2015}
}

@inproceedings{chockler_beyond_2008,
	title = {Beyond vacuity: Towards the strongest passing formula},
	shorttitle = {Beyond vacuity},
	booktitle = {Proceedings of the 2008 Int'l Conf. on Formal Methods in {Computer-Aided} Design},
	author = {Chockler, H. and Gurfinkel, A. and Strichman, O.},
	year = {2008},
	pages = {24}
}

@article{chockler2006coverage,
  title={Coverage metrics for temporal logic model checking},
  author={Chockler, Hana and Kupferman, Orna and Vardi, Moshe Y},
  journal={Formal Methods in System Design},
  volume={28},
  number={3},
  pages={189--212},
  year={2006},
  publisher={Springer}
}

@inproceedings{grosse2007estimating,
  title={Estimating functional coverage in bounded model checking},
  author={Grosse, Daniel and others},
  booktitle={DATE'07},
  year={2007}
}

@inproceedings{katz1999have,
  title={Have I Written Enough Properties?-A Method of Comparison Between Specification and Implementation},
  author={Katz, Sagi and others},
  booktitle={CHARME},
  year={1999}
}

@article{chockler_coverage_2003,
	title = {Coverage metrics for formal verification},
	journal = {CHARME},
	author = {Chockler, H. and others},
	year = {2003}
}

@Book{MOD:00-55,
  title =    {Requirements for Safety Related Software in Defence
                  Equipment, Issue 2},
  publisher =    {UK Ministry of Defence},
  year =     {1997},
  key = "MOD0055"
}

@inproceedings{Keenan12:Tracelab,
 author = {Keenan, Ed and Czauderna, Adam and Leach, Greg and Cleland-Huang, Jane and Shin, Yonghee and Moritz, Evan and Gethers, Malcom and Poshyvanyk, Denys and Maletic, Jonathan and Huffman Hayes, Jane and Dekhtyar, Alex and Manukian, Daria and Hossein, Shervin and Hearn, Derek},
 title = {TraceLab: An Experimental Workbench for Equipping Researchers to Innovate, Synthesize, and Comparatively Evaluate Traceability Solutions},
 booktitle = {Proceedings of the 34th International Conference on Software Engineering},
 series = {ICSE '12},
 year = {2012},
 isbn = {978-1-4673-1067-3},
 location = {Zurich, Switzerland},
 pages = {1375--1378},
 numpages = {4},
 url = {http://dl.acm.org/citation.cfm?id=2337223.2337422},
 acmid = {2337422},
 publisher = {IEEE Press},
 address = {Piscataway, NJ, USA},
}

@Misc{SimulinkDesignVerifier,
  title = "Math{W}orks {I}nc.  {S}imulink {D}esign {V}erifier",
  year={2015},
  author = {},
  howpublished = {http://www.mathworks.com/products/sldesignverifier},
  key = {Mathworks Inc.}
}

@inproceedings{Christ2012:SMTInterpol,
 author = {Christ, J\"{u}rgen and others},
 title = {SMTInterpol: An Interpolating {SMT} Solver},
 booktitle = {SPIN'12},
 year = {2012}
}

@inproceedings{Cimatti2007:UNSAT,
 author = {Cimatti, Alessandro and Griggio, Alberto and Sebastiani, Roberto},
 title = {A Simple and Flexible Way of Computing Small Unsatisfiable Cores in SAT Modulo Theories},
 booktitle = {Proceedings of the 10th International Conference on Theory and Applications of Satisfiability Testing},
 series = {SAT'07},
 year = {2007},
 isbn = {978-3-540-72787-3},
 location = {Lisbon, Portugal},
 pages = {334--339},
 numpages = {6},
 url = {http://dl.acm.org/citation.cfm?id=1768142.1768174},
 acmid = {1768174},
 publisher = {Springer-Verlag},
 address = {Berlin, Heidelberg},
}

@inproceedings{Cimatti2013:MathSAT,
 author = {Cimatti, Alessandro and others},
 title = {The {MathSAT5} {SMT} Solver},
 booktitle = {TACAS'13},
 year = {2013}
}

@TECHREPORT{Dutertre06:yices,
    author = {Bruno Dutertre and Leonardo De Moura},
    title = {The {YICES} {SMT} Solver},
    institution = {SRI},
    year = {2006}
}

@incollection{DeMoura08:z3,
  title={Z3: An efficient {SMT} solver},
  author={De Moura, Leonardo and Bj{\o}rner, Nikolaj},
  booktitle={TACAS'08},
  year={2008}
}

@Misc{SimulinkTraceability,
  title = "Math{W}orks {I}nc.  {S}imulink {R}equirements {T}raceability",
  year={2016},
  author = {},
  howpublished = {http://www.mathworks.com/discovery/requirements-traceability.html},
  key = {Mathworks Inc.}
}


@inproceedings{kupferman_theory_2008,
	title = {A theory of mutations with applications to vacuity, coverage, and fault tolerance},
	booktitle = {FMCAD'08},
	author = {Kupferman, O. and others},
	year = {2008}
}

@inproceedings{SheeranSS00,
  author    = {Mary Sheeran and others},
  title     = {Checking Safety Properties Using Induction and a {SAT}-Solver},
  booktitle = {FMCAD},
  year      = {2000}
}

@phdthesis{torlak2009constraint,
  title={A constraint solver for software engineering: finding models and cores of large relational specifications},
  author={Torlak, Emina},
  year={2009},
  school={Massachusetts Institute of Technology}
}

@article{auguston2010system,
  title={System architecture specification based on behavior models},
  author={Auguston, Mikhail and Whitcomb, Clifford},
  year={2010}
}

@article{przigodacontradiction,
  title={Contradiction Analysis for Inconsistent Formal Models},
  author={Przigoda, Nils and Wille, Robert and Drechsler, Rolf}
}

@inproceedings{belov2012computing,
  title={On computing minimal equivalent subformulas},
  author={Belov, Anton and Janota, Mikol{\'a}{\v{s}} and Lynce, In{\^e}s and Marques-Silva, Joao},
  booktitle={Principles and Practice of Constraint Programming},
  pages={158--174},
  year={2012},
  organization={Springer}
}

@inproceedings{belov2013core,
  title={Core minimization in SAT-based abstraction},
  author={Belov, Anton and Chen, Huan and Mishchenko, Alan and Marques-Silva, Joao},
  booktitle={Design, Automation \& Test in Europe Conference \& Exhibition (DATE), 2013},
  pages={1411--1416},
  year={2013},
  organization={IEEE}
}

@article{belov2014algorithms,
  title={Algorithms for computing minimal equivalent subformulas},
  author={Belov, Anton and Janota, Mikol{\'a}{\v{s}} and Lynce, Ines and Marques-Silva, Joao},
  journal={Artificial Intelligence},
  volume={216},
  pages={309--326},
  year={2014},
  publisher={Elsevier}
}

@inproceedings{blackham2014trickle,
  title={Trickle: automated infeasible path detection using all minimal unsatisfiable subsets},
  author={Blackham, Bernard and Liffiton, Mark and Heiser, Gernot},
  booktitle={Real-Time and Embedded Technology and Applications Symposium (RTAS), 2014 IEEE 20th},
  pages={169--178},
  year={2014},
  organization={IEEE}
}

@inproceedings{chockler2001practical,
  title={A practical approach to coverage in model checking},
  author={Chockler, Hana and others},
  booktitle={CAV01},
  year={2001}
}


@article{konighofer2013debugging,
  title={Debugging formal specifications: a practical approach using model-based diagnosis and counterstrategies},
  author={K{\"o}nighofer, Robert and Hofferek, Georg and Bloem, Roderick},
  journal={International Journal on Software Tools for Technology Transfer},
  volume={15},
  number={5-6},
  pages={563--583},
  year={2013},
  publisher={Springer}
}

@article{reder2013determining,
  title={Determining the cause of a design model inconsistency},
  author={Reder, Alexander and Egyed, Alexander},
  journal={Software Engineering, IEEE Transactions on},
  volume={39},
  number={11},
  pages={1531--1548},
  year={2013},
  publisher={IEEE}
}

@inproceedings{belov2013core,
  title={Core minimization in SAT-based abstraction},
  author={Belov, Anton and Chen, Huan and Mishchenko, Alan and Marques-Silva, Joao},
  booktitle={Design, Automation \& Test in Europe Conference \& Exhibition (DATE), 2013},
  pages={1411--1416},
  year={2013},
  organization={IEEE}
}

@phdthesis{torlak2009constraint,
  title={A constraint solver for software engineering: finding models and cores of large relational specifications},
  author={Torlak, Emina},
  year={2009},
  school={Massachusetts Institute of Technology}
}

@inproceedings{suelflow2008using,
  title={Using unsatisfiable cores to debug multiple design errors},
  author={Suelflow, Andre and Fey, Goerschwin and Bloem, Roderick and Drechsler, Rolf},
  booktitle={Proceedings of the 18th ACM Great Lakes symposium on VLSI},
  pages={77--82},
  year={2008},
  organization={ACM}
}

@inproceedings{nadel2010boosting,
  title={Boosting minimal unsatisfiable core extraction},
  author={Nadel, Alexander},
  booktitle={Formal Methods in Computer-Aided Design (FMCAD), 2010},
  pages={221--229},
  year={2010},
  organization={IEEE}
}

@incollection{ryvchin2011faster,
  title={Faster extraction of high-level minimal unsatisfiable cores},
  author={Ryvchin, Vadim and Strichman, Ofer},
  booktitle={Theory and Applications of Satisfiability Testing-SAT 2011},
  pages={174--187},
  year={2011},
  publisher={Springer}
}

@inproceedings{marques2010minimal,
  title={Minimal unsatisfiability: Models, algorithms and applications},
  author={Marques-Silva, Joao},
  booktitle={Multiple-Valued Logic (ISMVL), 2010 40th IEEE International Symposium on},
  pages={9--14},
  year={2010},
  organization={IEEE}
}

@incollection{jabbour2013measuring,
  title={Measuring inconsistency through minimal proofs},
  author={Jabbour, Said and Raddaoui, Badran},
  booktitle={Symbolic and Quantitative Approaches to Reasoning with Uncertainty},
  pages={290--301},
  year={2013},
  publisher={Springer}
}

@incollection{wallner2013advanced,
  title={Advanced SAT techniques for abstract argumentation},
  author={Wallner, Johannes Peter and Weissenbacher, Georg and Woltran, Stefan},
  booktitle={Computational Logic in Multi-Agent Systems},
  pages={138--154},
  year={2013},
  publisher={Springer}
}

@inproceedings{gupta2003iterative,
  title={Iterative abstraction using SAT-based BMC with proof analysis},
  author={Gupta, Aarti and Ganai, Malay and Yang, Zijiang and Ashar, Pranav},
  booktitle={Proceedings of the 2003 IEEE/ACM international conference on Computer-aided design},
  pages={416},
  year={2003},
  organization={IEEE Computer Society}
}

@incollection{mcmillan2003automatic,
  title={Automatic abstraction without counterexamples},
  author={McMillan, Kenneth L and Amla, Nina},
  booktitle={Tools and Algorithms for the Construction and Analysis of Systems},
  pages={2--17},
  year={2003},
  publisher={Springer}
}

@article{belov2012towards,
  title =        {Towards efficient {MUS} extraction},
  author =       {Belov, Anton and Lynce, In{\^e}s and Marques-Silva, Joao},
  journal =      {AI Communications},
  issue_date =   {April 2012},
  volume =       25,
  number =       2,
  month =        apr,
  year =         2012,
  issn =         {0921-7126},
  pages =        {97--116},
  numpages =     20,
  publisher =    {IOS Press},
  address =      {Amsterdam, The Netherlands, The Netherlands},
}

@article{papad1988com,
  title={The complexity of facets resolved},
  author={Papadimitriou, Christos H and Wolfe, David},
  journal={Journal of Computer and System Sciences},
  volume={37},
  number={1},
  pages={2--13},
  year={1988},
  publisher={Elsevier}
}

@inproceedings{zhang2003extracting,
  title={Extracting small unsatisfiable cores from unsatisfiable boolean formula},
  author={Zhang, Lintao and Malik, Sharad},
  booktitle = {6th International Conference on Theory and Applications of Satisfiability Testing: SAT 2003},
  month = may,
  year = {2003}
}

@inproceedings{Weiser:1981:slicing,
 author = {Weiser, Mark},
 title = {Program Slicing},
 booktitle = {Proceedings of the 5th International Conference on Software Engineering},
 series = {ICSE '81},
 year = {1981},
 isbn = {0-89791-146-6},
 location = {San Diego, California, USA},
 pages = {439--449},
 numpages = {11},
 publisher = {IEEE Press},
 address = {Piscataway, NJ, USA},
}

@article{Agrawal:1990:slicing,
 author = {Agrawal, Hiralal and Horgan, Joseph R.},
 title = {Dynamic Program Slicing},
 journal = {SIGPLAN Not.},
 issue_date = {Jun. 1990},
 volume = {25},
 number = {6},
 month = jun,
 year = {1990},
 issn = {0362-1340},
 pages = {246--256},
 numpages = {11},
 publisher = {ACM},
 address = {New York, NY, USA},
}


@Article{Li04:slicing,
author="Li, Hon F.
and Rilling, Juergen
and Goswami, Dhrubajyoti",
title="Granularity-Driven Dynamic Predicate Slicing Algorithms for Message Passing Systems",
journal="Automated Software Engineering",
volume="11",
number="1",
pages="63--89",
issn="1573-7535",
year="2004",
}

@Article{Chockler2008,
author="Chockler, Hana
and Strichman, Ofer",
title="Before and after vacuity",
journal="Formal Methods in System Design",
year="2008",
volume="34",
number="1",
pages="37--58",
abstract="In formal verification, we verify that a system is correct with respect to a specification. Cases like antecedent failure can make a successful pass of the verification procedure meaningless. Vacuity detection can signal such ``meaningless'' passes of the specification, and indeed vacuity checks are now a standard component in many commercial model checkers.",
issn="1572-8102",
doi="10.1007/s10703-008-0060-y",
url="http://dx.doi.org/10.1007/s10703-008-0060-y"
}

@inproceedings{schuler_assessing_2011,
	title = {Assessing Oracle Quality with Checked Coverage},
	booktitle = {Proceedings of the Fourth {IEEE} Int'l Conf. on Software Testing, Verification and Validation},
	author = {Schuler, D. and Zeller, A.},
	year = {2011},
	pages = {90-99}
}


@inproceedings{Kupferman:2006:SCF,
 author = {Kupferman, Orna},
 title = {Sanity Checks in Formal Verification},
 booktitle =  {CONCUR'06},
 year = {2006}
}

@INPROCEEDINGS{Das12:ATS,
author={S. Das and A. Banerjee and P. Dasgupta},
booktitle={Test Symposium (ATS), 2012 IEEE 21st Asian},
title={A Generalized Theory for Formal Assertion Coverage},
year={2012},
pages={137-142},
keywords={formal specification;formal verification;design verification;formal assertion coverage;formal property specification;generalized theory;mutation coverage;specification coverage;Computer bugs;Cost accounting;Microelectronics;Performance evaluation;Protocols;Standards;Topology;Realizability;Test Generation},
doi={10.1109/ATS.2012.20},
ISSN={1081-7735},
month={Nov}}
@Article{Chockler2006,
author="Chockler, Hana
and Kupferman, Orna
and Vardi, Moshe",
title="Coverage metrics for formal verification",
journal="International Journal on Software Tools for Technology Transfer",
year="2006",
volume="8",
number="4",
pages="373--386",
issn="1433-2787",
doi="10.1007/s10009-004-0175-4",
url="http://dx.doi.org/10.1007/s10009-004-0175-4"
}


@inproceedings{DBLP:Ben-DavidK13,
  author    = {Shoham Ben{-}David and
               Orna Kupferman},
  title     = {A Framework for Ranking Vacuity Results},
  booktitle = {Automated Technology for Verification and Analysis - 11th International
               Symposium, {ATVA} 2013, Hanoi, Vietnam, October 15-18, 2013. Proceedings},
  pages     = {148--162},
  year      = {2013},
}

@inproceedings{Chockler:2007,
 author = {Chockler, Hana and Strichman, Ofer},
 title = {Easier and More Informative Vacuity Checks},
 booktitle = {Proceedings of the 5th IEEE/ACM International Conference on Formal Methods and Models for Codesign},
 series = {MEMOCODE '07},
 year = {2007},
 isbn = {1-4244-1050-9},
 pages = {189--198},
 numpages = {10},
 publisher = {IEEE Computer Society},
 address = {Washington, DC, USA},
}

@Inbook{Beer1997,
author="Beer, Ilan
and Ben-David, Shoham
and Eisner, Cindy
and Rodeh, Yoav",
editor="Grumberg, Orna",
chapter="Efficient detection of vacuity in {ACTL} formulas",
title="Computer Aided Verification: 9th International Conference, CAV'97 Haifa, Israel, June 22--25, 1997 Proceedings",
year="1997",
publisher="Springer Berlin Heidelberg",
address="Berlin, Heidelberg",
pages="279--290",
isbn="978-3-540-69195-2",
doi="10.1007/3-540-63166-6_28",
url="http://dx.doi.org/10.1007/3-540-63166-6_28"
}

@article{Gurfinkel:2012:RVB,
 author = {Gurfinkel, Arie and Chechik, Marsha},
 title = {Robust Vacuity for Branching Temporal Logic},
 journal = {ACM Trans. Comput. Logic},
 issue_date = {January 2012},
 volume = {13},
 number = {1},
 month = jan,
 year = {2012},
 issn = {1529-3785},
 pages = {1:1--1:32},
 articleno = {1},
 numpages = {32},
 publisher = {ACM},
 address = {New York, NY, USA},
 keywords = {Vacuity detection},
}

@ARTICLE{Tip95asurvey,
    author = {F. Tip},
    title = {A Survey of Program Slicing Techniques},
    journal = {JOURNAL OF PROGRAMMING LANGUAGES},
    year = {1995},
    volume = {3},
    pages = {121--189}
}

@incollection{torlak2008finding,
  title={Finding minimal unsatisfiable cores of declarative specifications},
  author={Torlak, Emina and Chang, Felix Sheng-Ho and Jackson, Daniel},
  booktitle={FM 2008: Formal Methods},
  pages={326--341},
  year={2008},
  publisher={Springer}
}

@inproceedings{Kahsai2011,
  author    = {Temesghen Kahsai and others},
  title     = {Instantiation-Based Invariant Discovery},
  booktitle = {NFM'11},
  year      = 2011
}

@misc{jkind,
  title = {{JKind}},
  howpublished = {\url{http://loonwerks.com/tools/jkind.html}}
}

@misc{anoexpr,
  title = {{Tools and Experimental Results}},
  howpublished = {\url{https://github.com/elaghs/Working/tree/master/ASE17}}
}

@misc{jasper_gold,
    title = {{Cadence JasperGold Formal Verification Platform}},
    howpublished = {\url{https://www.cadence.com/content/cadence-www/global/en_US/home/tools/system-design-and-verification/formal-and-static-verification/jasper-gold-verification-platform.html}}
}

@misc{Synopsys_VC_formal,
    title = {{Synopsys VC Formal Platform}},
    howpublished = {\url{https://www.synopsys.com/verification/static-and-formal-verification/vc-formal.html}}
}

@misc{expr,
  title = {{Requirement Compeleteness}},
  howpublished = {\url{https://github.com/elaghs/Working/tree/master/completeness/experiments}}
}



@book{lehmann1986testing,
  title={Testing statistical hypotheses},
  author={Lehmann, Erich Leo and Romano, Joseph P and Casella, George},
  volume={150},
  year={1986},
  publisher={Wiley New York et al}
}

@article{han2007frequent,
  title={Frequent pattern mining: current status and future directions},
  author={Han, Jiawei and Cheng, Hong and Xin, Dong and Yan, Xifeng},
  journal={Data Mining and Knowledge Discovery},
  volume={15},
  number={1},
  pages={55--86},
  year={2007},
  publisher={Springer}
}

@inproceedings{Torlak08:cores,
 author = {Torlak, Emina and Chang, Felix Sheng-Ho and Jackson, Daniel},
 title = {Finding Minimal Unsatisfiable Cores of Declarative Specifications},
 booktitle = {Proceedings of the 15th International Symposium on Formal Methods},
 series = {FM '08},
 year = {2008},
 isbn = {978-3-540-68235-6},
 location = {Turku, Finland},
 pages = {326--341},
 numpages = {16},
 url = {http://dx.doi.org/10.1007/978-3-540-68237-0_23},
 doi = {10.1007/978-3-540-68237-0_23},
 acmid = {1423716},
 publisher = {Springer-Verlag},
 address = {Berlin, Heidelberg},
}

@inproceedings{Een2011:PDR,
 author = {Een, Niklas and others},
 title = {Efficient Implementation of Property Directed Reachability},
 booktitle =  {FMCAD '11},
 year = {2011}
}

@inproceedings{Murugesan16:renext,
 author = {Murugesan, Anitha and others},
 title = {Complete Traceability for Requirements in Satisfaction Arguments},
 booktitle = {RE@Next},
 year = {2016}
}

@inproceedings{QFCS15:backes,
 author={Backes, John and others},
 title={Requirements Analysis of a Quad-Redundant Flight Control System},
 year={2015}
 booktitle={NFM'15},
}

@INPROCEEDINGS{Hagen08:FMCAD,
author={G. Hagen and C. Tinelli},
booktitle={FMCAD '08},
title={Scaling Up the Formal Verification of {Lustre} Programs with SMT-Based Techniques},
year={2008}
}

@TechReport{Gaucher03:slicing,
    author={F. Gaucher},
    Title={Slicing Lustre Programs},
    Institution = {VERIMAG},
    Address = {Grenoble},
    Month = {February},
    Year = {2003}
}

@incollection{murugesan2015we,
  title={Are We There Yet? {D}etermining the Adequacy of Formalized Requirements and Test Suites},
  author={Murugesan, Anitha and Whalen, Michael W and Rungta, Neha and Tkachuk, Oksana and Person, Suzette and Heimdahl, Mats PE and You, Dongjiang},
  booktitle={NASA Formal Methods},
  pages={279--294},
  year={2015},
  publisher={Springer}
}

@ARTICLE{Halbwachs91:lustre,
  AUTHOR =   {N. Halbwachs and others},
  TITLE =    {The {S}ynchronous {D}ataflow {P}rogramming {L}anguage
                  {Lustre}},
  JOURNAL =  {Proceedings of the IEEE},
  year={1991}
}

@inproceedings{Ivrii14:invariants,
  author    = {Alexander Ivrii and others},
  title     = {Small inductive safe invariants},
  booktitle = {FMCAD'14},
  year      = {2014}
}

@misc{smv,
  title = {{The SMV model checker}},
  howpublished = {\url{http://www.kenmcmil.com/smv.html}}
}

@article{firesmith2005your,
  title={Are your requirements complete?},
  author={Firesmith, Donald},
  journal={JOT},
  year={2005}
}

@inproceedings{chang2007finding,
  title={Finding what's not there: a new approach to revealing neglected conditions in software},
  author={Chang, Ray-Yaung and others},
  booktitle={ISSTA07}
  year={2007}
}

@inproceedings{katta2013investigating,
  title={Investigating requirements models completeness in a unified process for safety and security'},
  author={Katta, V and others},
  booktitle={ICS/SCADA},
  year={2013}
}

@inproceedings{zowghi2002three,
  title={The Three Cs of requirements: consistency, completeness, and correctness},
  author={Zowghi, Didar and Gervasi, Vincenzo},
  booktitle={International Workshop on Requirements Engineering: Foundations for Software Quality, Essen, Germany: Essener Informatik Beitiage},
  pages={155--164},
  year={2002}
}

@article{Zowghi2003three,
title={On the interplay between consistency, completeness, and correctness in requirements evolution},
  author={Zowghi, Didar and Gervasi, Vincenzo},
  journal={IST},
  year={2003}
}


@InProceedings{Hardin09:Security,
  author = {David Hardin and others},
  title = {Development of Security Software: A High-Assurance Methodology},
  booktitle = {ICFEM'09},
  year = {2009}
}

@INPROCEEDINGS{Rushby09:SEFM,
	AUTHOR = {John Rushby},
	TITLE = {Software Verification and System Assurance},
	BOOKTITLE = {SEFM'09}
   YEAR = 2009
}

@manual{DO-178C,
  title =        {Software Considerations in Airborne Systems and Equipment
                  Certification},
  author =       {{RTCA DO-178C}},
  publisher =    {RTCA},
  year =         2011,
  month =        {December},
  address =      {Washington, DC},
}

@manual{DO-331,
  title =        {Model-Based Development and Verification Supplement to
                  DO-178C and DO-278A},
  author =       {{RTCA DO-331}},
  publisher =    {RTCA},
  year =         2011,
  month =        {December},
  address =      {Washington, DC},
}

@manual{DO-333,
  title =        {Formal Methods Supplement to DO-178C and DO-278A},
  author =       {{RTCA DO-333}},
  publisher =    {RTCA},
  year =         2011,
  month =        {December},
  address =      {Washington, DC},
}

@manual{DO-330,
  title =        {Software Tool Qualification Considerations},
  author =       {{RTCA DO-330}},
  publisher =    {RTCA},
  year =         2011,
  month =        {December},
  address =      {Wash., DC},
}

@MISC{DO178C,
    author = {RTCA/DO-178C},
    title = {Software Considerations in Airborne Systems and Equipment Certification},
    year = {}
}

@MISC{DO333,
    author = {RTCA/DO-333},
    title = {Formal Methods Supplement},
    year = {}
}

@misc{FMCaseStudy,
  title =        {Formal Methods Case Studies for {DO-333}, {NASA} Contractor Report {NASA}/{CR}-2014-218244},
  author =       {Darren Cofer and Steven P. Miller},
  year =         2014
}

@misc{hanna2015formal,
  title={Formal verification coverage metrics for circuit design properties},
  author={Hanna, Z.E. and others},
  url={https://www.google.com/patents/US20150135150},
  year={2015},
  month=may # "~14",
  publisher={Google Patents},
  note={US Patent App. 14/474,280}
}


@inproceedings{Spear,
  title={Spear v2.0: Formalized Past {LTL} Specification and Analysis of Requirements},
  author={Aaron Fifarek and others},
  booktitle={NFM'17},
  year={2017}
}

@inproceedings{conf/fmcad/ClaessenS12,
  author = {Claessen, Koen and Sörensson, Niklas},
  booktitle = {FMCAD},
  crossref = {conf/fmcad/2012},
  isbn = {978-1-4673-4832-4},
  pages = {52-59},
  publisher = {IEEE},
  title = {A liveness checking algorithm that counts.},
  year = 2012
}
