
@article{journal,
 author = {Ghassabani, Elaheh and Whalen, Michael and Gacek, Andrew and Heimdahl, Mats},
 title = {Inductive Validity Cores},
 journal = {IEEE Transactions on Software Engineering (TSE)},

 publisher = {under submission}
}

@inproceedings{jk,
  author    = {Andrew Gacek, John Backes, Michael Whalen, Lucas Wagner, Elaheh Ghassabani},
  title     = {The {JKind} Model Checker},
  booktitle = {{CAV}2018: Computer Aided Verification},
  year      = {2018}
}

@inproceedings{c0,
  author    = {Jaroslav Bend{\'{\i}}k and
               Elaheh Ghassabani and
               Michael W. Whalen and
               Ivana Cern{\'{a}}},
  title     = {Online Enumeration of All Minimal Inductive Validity Cores},
  booktitle = {{SEFM}2018: Software Engineering and Formal Methods - 16th International Conference },
  year      = {2018}
}


@inproceedings{c1,
  title={Proof-based Coverage Metrics for Formal Verification},
  author={Ghassabani, Elaheh and Gacek, Andrew and Whalen, Michael W and Heimdahl, Mats and Wagner Lucas},
  booktitle = {{ASE}2017: 32nd IEEE/ACM International Conference on Automated Software Engineering},
  year= {2017}
}

@inproceedings{c2,
  title={Efficient Generation of All Minimal Inductive Validity Cores},
  author={Ghassabani, Elaheh and Gacek, Andrew and Whalen, Michael W},
  booktitle = {{FMCAD}2017: International Conference on Formal Methods in Computer-Aided Design},
  year= {2017}
}

@inproceedings{c3,
  title={Efficient Generation of Inductive Validity Cores for Safety Properties},
  author={Ghassabani, Elaheh and Gacek, Andrew and Whalen, Michael W},
  year      = {2016},
  pages = {314--325},
  publisher = {ACM},
  booktitle = {{FSE}2016: ACM Sigsoft International Symposium on the Foundations of Software
Engineering}
}

@inproceedings{Mur16,
  title={Complete Traceability for Requirements in Satisfaction Arguments},
  author={Whalen,Michael and Murugesan, Anitha and Ghassabani,Elaheh and Heimdahl, Mats},
  pages = {359--364},
  organization={IEEE},
  year      = {2016},
  booktitle = {24th International Requirements Engineering Conference (RE@Next! Track)}
}


@inproceedings{memocode15,
  title={Hierarchical multi-formalism proofs of cyber-physical systems},
  author={Whalen, Michael W and Rayadurgam, Sanjai and Ghassabani, Elaheh and Murugesan, Anitha and Sokolsky, Oleg and Heimdahl, Mats PE and Lee, Insup},
  booktitle={Formal Methods and Models for Codesign (MEMOCODE), 2015 ACM/IEEE International Conference on},
  pages={90--95},
  year={2015},
  organization={IEEE}
}

@techreport{multiformalism2014,
  title={Hierarchical Multi-Formalism Proofs},
  author={Whalen,Michael and Rayadurgam,Sanjai and Ghassabani,Elaheh and Murugesan,Anitha and Sokolsky,Oleg and Heimdahl, Mats and Lee, Insup},
  year={http://crisys.cs.umn.edu/MFProofTechReport.pdf},
  numpages = {12}
  institution={University of Minnesota Sofware Engineering Center},
  url={www.crisys.cs.umn.edu/downloads/Multi\_Formalism\_Tech\_Report.pdf}
} 
